%===============================================================================
% Sample bibliopgraphy file for ifaconf.bst style to be used in
% IFAC meeting papers
% Copyright (c) 2007-2008 International Federation of Automatic Control
%===============================================================================

% Used in Introduction section, background on Transformer architecture
@misc{vaswani2017attentionneed,
	title={Attention Is All You Need}, 
	author={Ashish Vaswani and Noam Shazeer and Niki Parmar and Jakob Uszkoreit and Llion Jones and Aidan N. Gomez and Lukasz Kaiser and Illia Polosukhin},
	year={2017},
	eprint={1706.03762},
	archivePrefix={arXiv},
	primaryClass={cs.CL},
	url={https://arxiv.org/abs/1706.03762}, 
}

% Used in Introduction section, parameter to qaulity of output
@misc{touvron2023llamaopenefficientfoundation,
	title={LLaMA: Open and Efficient Foundation Language Models}, 
	author={Hugo Touvron and Thibaut Lavril and Gautier Izacard and Xavier Martinet and Marie-Anne Lachaux and Timothée Lacroix and Baptiste Rozière and Naman Goyal and Eric Hambro and Faisal Azhar and Aurelien Rodriguez and Armand Joulin and Edouard Grave and Guillaume Lample},
	year={2023},
	eprint={2302.13971},
	archivePrefix={arXiv},
	primaryClass={cs.CL},
	url={https://arxiv.org/abs/2302.13971}, 
}

% Used in Introduction section, the required GPUs for foundational models
@misc{bommasani2022opportunitiesrisksfoundationmodels,
	title={On the Opportunities and Risks of Foundation Models}, 
	author={Rishi Bommasani and Drew A. Hudson and Ehsan Adeli and Russ Altman and Simran Arora and Sydney von Arx and Michael S. Bernstein and Jeannette Bohg and Antoine Bosselut and Emma Brunskill and Erik Brynjolfsson and Shyamal Buch and Dallas Card and Rodrigo Castellon and Niladri Chatterji and Annie Chen and Kathleen Creel and Jared Quincy Davis and Dora Demszky and Chris Donahue and Moussa Doumbouya and Esin Durmus and Stefano Ermon and John Etchemendy and Kawin Ethayarajh and Li Fei-Fei and Chelsea Finn and Trevor Gale and Lauren Gillespie and Karan Goel and Noah Goodman and Shelby Grossman and Neel Guha and Tatsunori Hashimoto and Peter Henderson and John Hewitt and Daniel E. Ho and Jenny Hong and Kyle Hsu and Jing Huang and Thomas Icard and Saahil Jain and Dan Jurafsky and Pratyusha Kalluri and Siddharth Karamcheti and Geoff Keeling and Fereshte Khani and Omar Khattab and Pang Wei Koh and Mark Krass and Ranjay Krishna and Rohith Kuditipudi and Ananya Kumar and Faisal Ladhak and Mina Lee and Tony Lee and Jure Leskovec and Isabelle Levent and Xiang Lisa Li and Xuechen Li and Tengyu Ma and Ali Malik and Christopher D. Manning and Suvir Mirchandani and Eric Mitchell and Zanele Munyikwa and Suraj Nair and Avanika Narayan and Deepak Narayanan and Ben Newman and Allen Nie and Juan Carlos Niebles and Hamed Nilforoshan and Julian Nyarko and Giray Ogut and Laurel Orr and Isabel Papadimitriou and Joon Sung Park and Chris Piech and Eva Portelance and Christopher Potts and Aditi Raghunathan and Rob Reich and Hongyu Ren and Frieda Rong and Yusuf Roohani and Camilo Ruiz and Jack Ryan and Christopher Ré and Dorsa Sadigh and Shiori Sagawa and Keshav Santhanam and Andy Shih and Krishnan Srinivasan and Alex Tamkin and Rohan Taori and Armin W. Thomas and Florian Tramèr and Rose E. Wang and William Wang and Bohan Wu and Jiajun Wu and Yuhuai Wu and Sang Michael Xie and Michihiro Yasunaga and Jiaxuan You and Matei Zaharia and Michael Zhang and Tianyi Zhang and Xikun Zhang and Yuhui Zhang and Lucia Zheng and Kaitlyn Zhou and Percy Liang},
	year={2022},
	eprint={2108.07258},
	archivePrefix={arXiv},
	primaryClass={cs.LG},
	url={https://arxiv.org/abs/2108.07258}, 
}
